% This file was created with JabRef 2.4.
% Encoding: Cp1252

@misc{oepastatistik2020,
	title        = {Statistische Übersicht über Geschäftsumfang und Geschäftstätigkeit in Patentangelegenheiten Gebrauchsmusterangelegenheiten Markenangelegenheiten Musterangelegenheiten},
	author       = {Österreichisches Patentamt},
	year         = 2020,
	note         = {Online erhältlich unter \url{https://www.patentamt.at/fileadmin/root_oepa/Dateien/Allgemein/Statistiken/Stat2020_v1_1.pdf}; abgerufen am 27. Februar 2022.},
	howpublished = {Website}
}
@misc{oepamarkenaehnlichkeitsrecherche,
	title        = {MARKENÄHNLICHKEITSRECHERCHE},
	author       = {Österreichisches Patentamt},
	year         = 2022,
	note         = {Online erhältlich unter \url{https://www.patentamt.at/markenaehnlichkeitsrecherche/}; abgerufen am 27. Februar 2022.},
	howpublished = {Website}
}
@misc{oracleml,
	title        = {Was ist Machine Learning?},
	author       = {Oracle},
	year         = 2022,
	note         = {Online erhältlich unter \url{https://www.oracle.com/at/data-science/machine-learning/what-is-machine-learning/}; abgerufen am 26. März 2022.},
	howpublished = {Website}
}
@misc{facebookml,
	title        = {What you 'like' on Facebook gives away your personality},
	author       = {Hal Hodson},
	year         = 2015,
	note         = {Online erhältlich unter \url{https://www.newscientist.com/article/dn26781-what-you-like-on-facebook-gives-away-your-personality/}; abgerufen am 26. März 2022.},
	howpublished = {Website}
}
@misc{netflixml,
	title        = {Machine Learning Learning how to entertain the world},
	author       = {Netflix},
	year         = 2022,
	note         = {Online erhältlich unter \url{https://research.netflix.com/research-area/machine-learning}; abgerufen am 26. März 2022.},
	howpublished = {Website}
}
@misc{datasolutml,
	title        = {Machine Learning: Definition, Algorithmen, Methoden und Beispiele},
	author       = {Laurenz Wuttke},
	year         = 2022,
	note         = {Online erhältlich unter \url{https://datasolut.com/was-ist-machine-learning/}; abgerufen am 18. März 2022.},
	howpublished = {Website}
}
@misc{researchandmarkets,
	title        = {Machine Learning Market by Vertical BFSI, Healthcare and Life Sciences, Retail, Telecommunication, Government and Defense, Manufacturing, Energy and Utilities, Deployment Mode, Service, Organization Size, and Region - Global Forecast to 2022},
	author       = {Research and Markets},
	year         = 2017,
	note         = {Online erhältlich unter \url{https://www.researchandmarkets.com/reports/4395173/machine-learning-market-by-vertical-bfsi/}; abgerufen am 18. März 2022.},
	howpublished = {Website}
}
@misc{intellipaatml,
	title        = {Supervised Learning vs Unsupervised Learning vs Reinforcement Learning},
	author       = {Intellipaat},
	year         = 2022,
	note         = {Online erhältlich unter \url{https://intellipaat.com/blog/supervised-learning-vs-unsupervised-learning-vs-reinforcement-learning/}; abgerufen am 09. April 2022.},
	howpublished = {Website}
}
@misc{wikipediaml,
	title        = {Maschinelles Lernen},
	author       = {Wikipedia},
	year         = 2022,
	note         = {Online erhältlich unter \url{https://de.wikipedia.org/wiki/Maschinelles_Lernen}; abgerufen am 04. April 2022.},
	howpublished = {Website}
}
@misc{techtargetml,
	title        = {machine learning},
	author       = {Ed Burns},
	year         = 2021,
	note         = {Online erhältlich unter \url{https://www.techtarget.com/searchenterpriseai/definition/machine-learning-ML}; abgerufen am 04. April 2022.},
	howpublished = {Website}
}
@misc{unsupervisedibm,
	title        = {Unsupervised Learning},
	author       = {IBM},
	year         = 2022,
	note         = {Online erhältlich unter \url{https://www.ibm.com/cloud/learn/unsupervised-learning}; abgerufen am 02. Mai 2022.},
	howpublished = {Website}
}
@misc{unsuperviseddatasolut,
	title        = {Was ist Unsupervised Learning (Unüberwachtes Lernen)?},
	author       = {Laurenz Wuttke},
	year         = 2020,
	note         = {Online erhältlich unter \url{https://datasolut.com/wiki/unsupervised-learning/}; abgerufen am 02. Mai 2022.},
	howpublished = {Website}
}
@misc{clusteringgeeks,
	title        = {Clustering in Machine Learning},
	author       = {Surya Priy},
	year         = 2021,
	note         = {Online erhältlich unter \url{https://www.geeksforgeeks.org/clustering-in-machine-learning/}; abgerufen am 02. Mai 2022.},
	howpublished = {Website}
}
@misc{associationmedium,
	title        = {What is Association Rule Learning? An Applied Example in Python: Basket Analysis and Product Offering},
	author       = {Baysan},
	year         = 2021,
	note         = {Online erhältlich unter \url{https://medium.com/codex/what-is-association-rule-learning-abd4a76144d8}; abgerufen am 02. Mai 2022.},
	howpublished = {Website}
}
@misc{dimensionalityneptune,
	title        = {Dimensionality Reduction for Machine Learning},
	author       = {Nilesh Barla},
	year         = 2021,
	note         = {Online erhältlich unter \url{https://neptune.ai/blog/dimensionality-reduction}; abgerufen am 02. Mai 2022.},
	howpublished = {Website}
}
@misc{semisuperviseddatarobot,
	title        = {Semi-Supervised Learning},
	author       = {DataRobot},
	year         = 2021,
	note         = {Online erhältlich unter \url{https://www.datarobot.com/blog/semi-supervised-learning/}; abgerufen am 03. Mai 2022.},
	howpublished = {Website}
}
@misc{semisupervisedalexsoft,
	title        = {Semi-Supervised Learning, Explained with Examples},
	author       = {Alexsoft},
	year         = 2022,
	note         = {Online erhältlich unter \url{https://www.altexsoft.com/blog/semi-supervised-learning/}; abgerufen am 03. Mai 2022.},
	howpublished = {Website}
}
@misc{selftrainingtowardsdatasience,
	title        = {Self-Training Classifier: How to Make Any Algorithm Behave Like a Semi-Supervised One},
	author       = {Saul Dobilas},
	year         = 2021,
	note         = {Online erhältlich unter \url{https://towardsdatascience.com/self-training-classifier-how-to-make-any-algorithm-behave-like-a-semi-supervised-one-2958e7b54ab7}; abgerufen am 03. Mai 2022.},
	howpublished = {Website}
}
@misc{cotrainingwiki,
	title        = {Co-training},
	author       = {Wikipedia},
	year         = 2021,
	note         = {Online erhältlich unter \url{https://en.wikipedia.org/wiki/Co-training}; abgerufen am 04. Mai 2022.},
	howpublished = {Website}
}
@misc{reinforcementat,
	title        = {So funktioniert Reinforcement Learning},
	author       = {Christian Lemke},
	year         = 2019,
	note         = {Online erhältlich unter \url{https://www.alexanderthamm.com/de/blog/einfach-erklaert-so-funktioniert-reinforcement-learning/}; abgerufen am 04. Mai 2022.},
	howpublished = {Website}
}
@misc{reinforcementdatasolut,
	title        = {So funktioniert Reinforcement Learning},
	author       = {Laurenz Wuttke},
	year         = 2019,
	note         = {Online erhältlich unter \url{https://datasolut.com/reinforcement-learning/}; abgerufen am 04. Mai 2022.},
	howpublished = {Website}
}
@misc{reinforcementjava,
	title        = {Reinforcement Learning Tutorial},
	author       = {Javapoint},
	year         = 2022,
	note         = {Online erhältlich unter \url{https://www.javatpoint.com/reinforcement-learning}; abgerufen am 04. Mai 2022.},
	howpublished = {Website}
}
@misc{nnwiki,
	title        = {Künstliches neuronales Netz},
	author       = {Wikipedia},
	year         = 2022,
	note         = {Online erhältlich unter \url{https://de.wikipedia.org/wiki/Künstliches_neuronales_Netz}; abgerufen am 05. Mai 2022.},
	howpublished = {Website}
}
@misc{nnibm,
	title        = {What are neural networks?},
	author       = {IBM},
	year         = 2020,
	note         = {Online erhältlich unter \url{https://www.ibm.com/cloud/learn/neural-networks}; abgerufen am 05. Mai 2022.},
	howpublished = {Website}
}
@misc{nninvestopedia,
	title        = {Neural Network},
	author       = {James Chen},
	year         = 2021,
	note         = {Online erhältlich unter \url{https://www.investopedia.com/terms/n/neuralnetwork.asp}; abgerufen am 05. Mai 2022.},
	howpublished = {Website}
}
@misc{nnionos,
	title        = {Neural Networks: Was können künstliche neuronale Netze?},
	author       = {Digital Guide Inonos},
	year         = 2020,
	note         = {Online erhältlich unter \url{https://www.ionos.at/digitalguide/online-marketing/suchmaschinenmarketing/was-ist-ein-neural-network/}; abgerufen am 05. Mai 2022.},
	howpublished = {Website}
}
@misc{nnpathmind,
	title        = {A Beginner's Guide to Neural Networks and Deep Learning},
	author       = {Chris Nicholson},
	year         = 2022,
	note         = {Online erhältlich unter \url{https://wiki.pathmind.com/neural-network}; abgerufen am 05. Mai 2022.},
	howpublished = {Website}
}
@misc{nnmedium,
	title        = {Understanding the basics of Neural Networks (for beginners)},
	author       = {Indraneel Dutta Baruah},
	year         = 2021,
	note         = {Online erhältlich unter \url{https://medium.com/geekculture/understanding-the-basics-of-neural-networks-for-beginners-9c26630d08}; abgerufen am 07. Mai 2022.},
	howpublished = {Website}
}
@misc{nntowards,
	title        = {How do we ‘train’ neural networks ?},
	author       = {Vitaly Bushaev},
	year         = 2017,
	note         = {Online erhältlich unter \url{https://towardsdatascience.com/how-do-we-train-neural-networks-edd985562b73}; abgerufen am 07. Mai 2022.},
	howpublished = {Website}
}
@misc{nnohv,
	title        = {What does Training Neural Networks mean?},
	author       = {Jean-Louis Queguiner},
	year         = 2020,
	note         = {Online erhältlich unter \url{https://blog.ovhcloud.com/what-does-training-neural-networks-mean/}; abgerufen am 10. Mai 2022.},
	howpublished = {Website}
}
@misc{backpropagationguru,
	title        = {Back Propagation Neural Network: What is Backpropagation Algorithm in Machine Learning?},
	author       = {Daniel Johnson},
	year         = 2022,
	note         = {Online erhältlich unter \url{https://www.guru99.com/backpropogation-neural-network.html}; abgerufen am 10. Mai 2022.},
	howpublished = {Website}
}
@misc{nndatasolutbasic,
	title        = {Künstliche Neuronale Netzwerke: Definition, Einführung, Arten und Funktion},
	author       = {Laurenz Wuttke},
	year         = 2022,
	note         = {Online erhältlich unter \url{https://datasolut.com/neuronale-netzwerke-einfuehrung/}; abgerufen am 10. Mai 2022.},
	howpublished = {Website}
}
@misc{preceptrontowards,
	title        = {What the Hell is Perceptron?},
	author       = {Sagar Sharma},
	year         = 2017,
	note         = {Online erhältlich unter \url{https://towardsdatascience.com/what-the-hell-is-perceptron-626217814f53}; abgerufen am 11. Mai 2022.},
	howpublished = {Website}
}
@misc{preceptronsimplilearn,
	title        = {What is Perceptron: A Beginners Guide for Perceptron},
	author       = {Simplilearn},
	year         = 2022,
	note         = {Online erhältlich unter \url{https://www.simplilearn.com/tutorials/deep-learning-tutorial/perceptron}; abgerufen am 11. Mai 2022.},
	howpublished = {Website}
}
@misc{ffnnat,
	title        = {Feed Forward Neural Network},
	author       = {DeepAi},
	year         = 2022,
	note         = {Online erhältlich unter \url{https://deepai.org/machine-learning-glossary-and-terms/feed-forward-neural-network}; abgerufen am 11. Mai 2022.},
	howpublished = {Website}
}
@misc{ffnndeepai,
	title        = {Feedforward Neural Network},
	author       = {Alexander Thamm},
	year         = 2022,
	note         = {Online erhältlich unter \url{https://www.alexanderthamm.com/de/data-science-glossar/feedforward-neural-network/}; abgerufen am 11. Mai 2022.},
	howpublished = {Website}
}
@misc{recurrentnnmastery,
	title        = {An Introduction To Recurrent Neural Networks And The Math That Powers Them},
	author       = {Mehreen Saeed},
	year         = 2021,
	note         = {Online erhältlich unter \url{https://machinelearningmastery.com/an-introduction-to-recurrent-neural-networks-and-the-math-that-powers-them/}; abgerufen am 11. Mai 2022.},
	howpublished = {Website}
}
@misc{recurrentibm,
	title        = {Recurrent Neural Networks},
	author       = {IBM},
	year         = 2022,
	note         = {Online erhältlich unter \url{https://www.ibm.com/cloud/learn/recurrent-neural-networks}; abgerufen am 11. Mai 2022.},
	howpublished = {Website}
}
@misc{nnarchitecture,
	title        = {What Is a Neural Network? An Introduction with Examples},
	author       = {Walker Rowe},
	year         = 2020,
	note         = {Online erhältlich unter \url{https://www.bmc.com/blogs/neural-network-introduction/}; abgerufen am 11. Mai 2022.},
	howpublished = {Website}
}
@misc{categoricalcrossentropy,
	title        = {Categorical crossentropy},
	author       = {Peltarion},
	year         = 2022,
	note         = {Online erhältlich unter \url{https://peltarion.com/knowledge-center/documentation/modeling-view/build-an-ai-model/loss-functions/categorical-crossentropy}; abgerufen am 12. Mai 2022.},
	howpublished = {Website}
}
@INPROCEEDINGS{cnnieee,
  author={Albawi, Saad and Mohammed, Tareq Abed and Al-Zawi, Saad},
  booktitle={2017 International Conference on Engineering and Technology (ICET)}, 
  title={Understanding of a convolutional neural network}, 
  year={2017},
  volume={},
  number={},
  pages={1-6},
  doi={10.1109/ICEngTechnol.2017.8308186}
}
@article{GURESEN2011426,
title = {Definition of artificial neural networks with comparison to other networks},
journal = {Procedia Computer Science},
volume = {3},
pages = {426-433},
year = {2011},
note = {World Conference on Information Technology},
issn = {1877-0509},
doi = {https://doi.org/10.1016/j.procs.2010.12.071},
url = {https://www.sciencedirect.com/science/article/pii/S1877050910004461},
author = {Erkam Guresen and Gulgun Kayakutlu},
keywords = {Artificial neural network (ANN), Graph theory},
abstract = {Definition of Artificial Neural Networks (ANNs) is made by computer scientists, artificial intelligence experts and mathematicians in various dimensions. Many of the definitions explain ANN by referring to graphics instead of giving well explained mathematical definitions; therefore, misleading weighted graphs (as in minimum cost flow problem networks) fit the definition of ANN. This study aims to give a clear definition that will differentiate ANN and graphical networks by referring to biological neural networks. The proposed definition of ANN is a mathematical definition, from the point of graph theory which defines ANN as a directed graph. Then differences between ANNs and other networks will be explained by examples using proposed definition.}
}
@article{deeplearningnn,
author = {Sarvepalli, Sarat Kumar},
year = {2015},
month = {10},
pages = {},
title = {Deep Learning in Neural Networks: The science behind an Artificial Brain},
doi = {10.13140/RG.2.2.22512.71682}
}
@article{neuralnettraining,
author = {Frauke Günther, Stefan Fritsch},
year = {2010},
month = {6},
pages = {},
title = {neuralnet: Training of Neural Networks},
issn = {2073-4859}
}
@book{raschka2017machine,
	title        = {Machine Learning mit Python und Scikit-Learn und TensorFlow: Das umfassende Praxis-Handbuch f{\"u}r Data Science, Predictive Analytics und Deep Learning},
	author       = {Raschka, S. and Mirjalili, V.},
	year         = 2017,
	publisher    = {MITP},
	series       = {mitp Professional},
	isbn         = 9783958457355,
	url          = {https://books.google.at/books?id=JM5CDwAAQBAJ}
}
@book{geron2019hands-on,
	title        = {Hands-on machine learning with Scikit-Learn, Keras and TensorFlow: concepts, tools, and techniques to build intelligent systems},
	author       = {G\'{e}ron, Aur\'{e}lien},
	year         = 2019,
	publisher    = {O'Reilly},
	isbn         = 9781492032649,
	edition      = 2
}
@book{grokkingml,
	title        = {Grokking Machine Learning},
	author       = {Luis G. Serrano},
	year         = 2021,
	publisher    = {Manning},
	isbn         = 9781617295911,
	edition      = 4,
	url          = {https://livebook.manning.com/book/grokking-machine-learning/chapter-1/}
}

% --------------------------------------------

@BOOK{schimel2012writing,
  title={Writing Science: How to Write Papers That Get Cited and Proposals That Get Funded},
  author={Schimel, J.},
  pages = {231},
  isbn={9780199760237},
  lccn={2011028465},
  year={2012},
  publisher={Oxford University Press, USA}
}

@BOOK{young2002technical,
  title={The Technical Writer's Handbook},
  author={Young, M.},
  pages = {232},
  isbn={9781891389214},
  lccn={88051695},
  year={2002},
  publisher={University Science Books}
}

@MANUAL{alker2006,
	title={Sprachleitfaden, Gendergerechter Sprachgebrauch an der FH Campus Wien},
	author={Alker, U. and Weilenmann, U.},
	year={2006},
	organization={FH Campus Wien}}
	
@MANUAL{petz2018,
	title={Checkliste Wissenschafltiche Arbeiten},
	author={Petz, A. and Oberpertinger, R.},
	year={2018},
	organization={FH Campus Wien}}

@comment{jabref-meta: selector_publisher:}

@comment{jabref-meta: selector_author:}

@comment{jabref-meta: selector_journal:}

@comment{jabref-meta: selector_keywords:}

